<?xml version="1.0" encoding="UTF-8"?><collection xmlns="http://www.loc.gov/MARC21/slim"><record><leader>00628nam--2200193-i-4500</leader><controlfield tag="001">000014695</controlfield><controlfield tag="002">20161230</controlfield><controlfield tag="005">20170111000413</controlfield><controlfield tag="008">060222s1000------------r-----000-0-eng-d</controlfield><datafield ind1=" " ind2=" " tag="040"><subfield code="a">IFIN-HH</subfield></datafield><datafield ind1=" " ind2=" " tag="080"><subfield code="a">537.222.22. 538.953</subfield></datafield><datafield ind1="1" ind2=" " tag="100"><subfield code="a">Drabble, J.R</subfield></datafield><datafield ind1="1" ind2="0" tag="245"><subfield code="a">International series of monographs on semiconductors</subfield><subfield code="b">Volume 4. Thermal conduction in semiconductors</subfield><subfield code="c">J.R. Drabble, H.J. Goldsmid</subfield></datafield><datafield ind1=" " ind2=" " tag="260"><subfield code="a">Oxford</subfield><subfield code="b">Pergamon Press</subfield><subfield code="c">1961</subfield></datafield><datafield ind1=" " ind2=" " tag="300"><subfield code="a">IX + 235 p</subfield></datafield><datafield ind1=" " ind2=" " tag="490"><subfield code="a">International Series Of Monographs On Semiconductors</subfield></datafield><datafield ind1="1" ind2=" " tag="700"><subfield code="a">Goldsmid, H. J</subfield></datafield><datafield ind1=" " ind2=" " tag="852"><subfield code="a">16384</subfield><subfield code="c">537.311.33</subfield></datafield><datafield ind1=" " ind2=" " tag="CAT"><subfield code="a">SYS</subfield><subfield code="c">20170111</subfield><subfield code="h">000413</subfield></datafield></record></collection>